Automatically generated by Mendeley Desktop 1.11
Any changes to this file will be lost if it is regenerated by Mendeley.

BibTeX export options can be customized via Options -> BibTeX in Mendeley Desktop

% Articles from mendeley
@article{Chang2008,
author = {Chang, Fay and Dean, Jeffrey and Ghemawat, Sanjay},
file = {:home/jannis/Documents/sources/bigtable-osdi06.pdf:pdf},
journal = {\ldots on Computer Systems ( \ldots},
title = {{Bigtable: A distributed storage system for structured data}},
url = {http://dl.acm.org/citation.cfm?id=1365816},
year = {2008}
}
@article{Vornberger2013,
author = {Vornberger, Oliver and Neubauer, Nicolas},
file = {:home/jannis/Documents/sources/dbs2013-media2mult.pdf:pdf},
title = {{Datenbanksysteme 2013 Literatur : Danksagung :}},
year = {2013}
}
@article{Harty2011,
author = {Harty, Julian},
doi = {10.1145/1897816.1897836},
file = {:home/jannis/Documents/sources/p20-harty.pdf:pdf},
issn = {00010782},
journal = {Communications of the ACM},
month = feb,
number = {2},
pages = {44},
title = {{Finding usability bugs with automated tests}},
url = {http://portal.acm.org/citation.cfm?doid=1897816.1897836},
volume = {54},
year = {2011}
}
@article{Dayarathna2012,
author = {Dayarathna, Miyuru and Suzumura, Toyotaro},
doi = {10.1109/CloudCom.2012.6427516},
file = {:home/jannis/Documents/sources/xgdbench\_cloudcom2012.pdf:pdf},
isbn = {978-1-4673-4510-1},
journal = {4th IEEE International Conference on Cloud Computing Technology and Science Proceedings},
month = dec,
pages = {363--370},
publisher = {Ieee},
title = {{XGDBench: A benchmarking platform for graph stores in exascale clouds}},
url = {http://ieeexplore.ieee.org/lpdocs/epic03/wrapper.htm?arnumber=6427516},
year = {2012}
}

@book{fundamentalsDatabase,
author = {Elmasri, Navathe},
title = {{Fundamentals of Database Systems - Sixth Edition}},
year = {2011}
}

% Links from the internet
@misc{link:javaRelease1,
  title = {{JAVASOFT SHIPS JAVA 1.0}},
  howpublished = "\url{http://web.archive.org/web/20080205101616/http://www.sun.com/smi/Press/sunflash/1996-01/sunflash.960123.10561.xml}",
  year = {1996}, 
  note = "[Online; accessed 1-June-2014]"
}

@misc{link:scalaHistory,
  author = {Martin Odersky},
  title = {{A Brief History of Scala}},
  howpublished = "\url{http://www.artima.com/weblogs/viewpost.jsp?thread=163733}",
  year = {2006}, 
  note = "[Online; accessed 1-June-2014]"
}

@misc{link:tiobeIndex,
  title = {{TIOBE Index for May 2014}},
  howpublished = "\url{http://www.tiobe.com/index.php/content/paperinfo/tpci/index.html}",
  year = {2014}, 
  note = "[Online; accessed 1-June-2014]"
}

@misc{link:erlangConcurrency,
  title = {{Getting Started with Erlang User's Guide Version 6.0 - Chapter 3. Concurrent Programming}},
  howpublished = "\url{http://www.erlang.org/doc/getting_started/conc_prog.html}",
  year = {2014}, 
  note = "[Online; accessed 1-June-2014]"
}

@misc{link:akkaHome,
  title = {{Akka Homepage}},
  howpublished = "\url{http://akka.io/}",
  year = {2014}, 
  note = "[Online; accessed 1-June-2014]"
}

@misc{link:akkaCluster,
  author = {Patrik Nordwall},
  title = {{Running a 2400 Akka Nodes Cluster on Google Compute Engine}},
  howpublished = "\url{http://typesafe.com/blog/running-a-2400-akka-nodes-cluster-on-google-compute-engine}",
  year = {2013}, 
  note = "[Online; accessed 1-June-2014]"
}

@misc{link:akkaScaleUp,
  author = {Patrik Nordwall},
  title = {{50 Million Messages per Second - On a Single Machine}},
  howpublished = "\url{http://letitcrash.com/post/20397701710/50-million-messages-per-second-on-a-single-machine}",
  year = {2013}, 
  note = "[Online; accessed 1-June-2014]"
}

@misc{link:ec2Pricing,
  title = {{Amazon EC2 Pricing}},
  howpublished = "\url{http://aws.amazon.com/ec2/pricing/}",
  year = {2014}, 
  note = "[Online; accessed 1-June-2014]"
}

@misc{link:esAbout,
  title = {{We're about data - Elastic Search homepage}},
  howpublished = "\url{http://www.elasticsearch.com/about/}",
  year = {2014}, 
  note = "[Online; accessed 2-June-2014]"
}

@misc{link:esTechCrunch,
  title = {{ElasticSearch Scores \$70M In Series C To Fund Growth Spurt}},
  howpublished = "\url{http://techcrunch.com/2014/06/05/elasticsearch-scores-70m-in-series-c-to-fund-growth-spurt/}",
  year = {2014}, 
  note = "[Online; accessed 5-June-2014]"
}

@misc{link:esUses,
  title = {{Elastic Search Case Studies}},
  howpublished = "\url{http://www.elasticsearch.com/case-studies/}",
  year = {2014}, 
  note = "[Online; accessed 27-May-2014]"
}

@misc{link:cakePattern,
  author = {Jonas Boner},
  title = {{Real-World Scala: Dependency Injection (DI)}},
  howpublished = "\url{http://jonasboner.com/2008/10/06/real-world-scala-dependency-injection-di/}",
  year = {2008}, 
  note = "[Online; accessed 31-May-2014]"
}

@misc{link:sprayChangelog,
  title = {{Spray Changelog}},
  howpublished = "\url{http://spray.io/project-info/changelog/}",
  year = {2011}, 
  note = "[Online; accessed 31-May-2014]"
}

@misc{link:sprayGithub,
  title = {{Spray Github-Repository}},
  howpublished = "\url{https://github.com/spray/spray/}",
  year = {2011}, 
  note = "[Online; accessed 31-May-2014]"
}

@misc{link:play,
  title = {{Play Framework Home}},
  howpublished = "\url{http://www.playframework.com/}",
  year = {2011}, 
  note = "[Online; accessed 31-May-2014]"
}

@misc{link:blueprints,
  title = {{Blueprints Wiki}},
  howpublished = "\url{https://github.com/tinkerpop/blueprints/wiki}",
  year = {2014}, 
  note = "[Online; accessed 30-May-2014]"
}

@misc{link:titanHome,
  title = {{Titan Home}},
  howpublished = "\url{http://thinkaurelius.github.io/titan/}",
  year = {2014}, 
  note = "[Online; accessed 25-May-2014]"
}

@misc{link:berkeleyDB,
  title = {{Oracle Berkeley DB Java Edition}},
  howpublished = "\url{http://www.oracle.com/technetwork/database/berkeleydb/overview/index-093405.html}",
  year = {2014}, 
  note = "[Online; accessed 26-May-2014]"
}

@misc{link:titanWithBerkeley,
  title = {{Using BerkeleyDB (Titan Docs)}},
  howpublished = "\url{https://github.com/thinkaurelius/titan/wiki/Using-BerkeleyDB}",
  year = {2014}, 
  note = "[Online; accessed 26-May-2014]"
}

@book{quote:rootEvil,
	author={{Knuth, Donald}},
	year={1974},
	title={{Structured Programming with go to Statements}},
	journal={{ACM Journal Computing Surveys 6 (4): 268}}
}
